@misc{Maavara2016FirstWorldWar,
  title = {Finland and the First World War},
  author = {Maavara, ALexander},
  blogtitle = {Finland Divided},
  year = {2016},
  url = {https://finlanddivided.wordpress.com/industrialization-and-nationalism/},
  note = {Consulté le [08-01-2023]}
}
@misc{Maavara2016Revolution,
title = {Revolution and Independence},
  author = {Maavara, ALexander},
  blogtitle = {Finland Divided},
  year = {2016},
  url = {https://finlanddivided.wordpress.com/finland-in-the-first-world-war/},
  note = {Consulté le [08-01-2023]}
}
@misc{Maavara2016CivilWar,
title = {Civil War},
  author = {Maavara, ALexander},
  blogtitle = {Finland Divided},
  year = {2016},
  url = {https://finlanddivided.wordpress.com/the-civil-war/},
  note = {Consulté le [08-01-2023]}
}
@article{knutsen1999norway,
  title={Norway in the First World War},
  author={Knutsen, Jan Normann},
  journal={Folia Scandinavica Posnaniensia},
  volume={5},
  pages={43--58},
  year={1999}
}
@book{jowett2012finland,
  title={Finland at war 1939--45},
  author={Jowett, Philip and Snodgrass, Brent},
  year={2012},
  publisher={Bloomsbury Publishing}
}
